% Encoding: UTF-8

@book{BerkolaikoKuchment:2013,
  title     = {Introduction to Quantum Graphs},
  author    = {Berkolaiko, G. and Kuchment, P.},
  isbn      = {9780821892114},
  lccn      = {2012033434},
  series    = {Mathematical surveys and monographs},
  url       = {https://books.google.de/books?id=QAs8tiBsvEoC},
  year      = {2013},
  publisher = {American Mathematical Society}
}

@article{LeCunBengioHinton:2015,
  author  = {LeCun, Yann and Bengio, Y. and Hinton, Geoffrey},
  year    = {2015},
  month   = {05},
  pages   = {436-44},
  title   = {Deep Learning},
  volume  = {521},
  journal = {Nature},
  doi     = {10.1038/nature14539}
}

@book{Bishop:2006,
  title     = {Pattern recognition and machine learning},
  author    = {Bishop, Christopher M and Nasrabadi, Nasser M},
  volume    = {4},
  number    = {4},
  year      = {2006},
  publisher = {Springer}
}

@article{Rosenblatt:1958,
  title     = {The perceptron: a probabilistic model for information storage and organization in the brain.},
  author    = {Rosenblatt, Frank},
  journal   = {Psychological review},
  volume    = {65},
  number    = {6},
  pages     = {386},
  year      = {1958},
  publisher = {American Psychological Association},
  doi     = {10.1037/h0042519}
}

@article{RaissiPerdikarisKarniadakisPart1:2017,
  author     = {Maziar Raissi and
                Paris Perdikaris and
                George E. Karniadakis},
  title      = {Physics Informed Deep Learning (Part {I):} Data-driven Solutions of
                Nonlinear Partial Differential Equations},
  journal    = {CoRR},
  volume     = {abs/1711.10561},
  year       = {2017},
  url        = {http://arxiv.org/abs/1711.10561},
  eprinttype = {arXiv},
  eprint     = {1711.10561},
  timestamp  = {Mon, 13 Aug 2018 16:47:03 +0200},
  biburl     = {https://dblp.org/rec/journals/corr/abs-1711-10561.bib},
  bibsource  = {dblp computer science bibliography, https://dblp.org}
}

@article{RaissiPerdikarisKarniadakisPart2:2017,
  author     = {Maziar Raissi and
                Paris Perdikaris and
                George E. Karniadakis},
  title      = {Physics Informed Deep Learning (Part {II):} Data-driven Discovery
                of Nonlinear Partial Differential Equations},
  journal    = {CoRR},
  volume     = {abs/1711.10566},
  year       = {2017},
  url        = {http://arxiv.org/abs/1711.10566},
  eprinttype = {arXiv},
  eprint     = {1711.10566},
  timestamp  = {Mon, 13 Aug 2018 16:47:51 +0200},
  biburl     = {https://dblp.org/rec/journals/corr/abs-1711-10566.bib},
  bibsource  = {dblp computer science bibliography, https://dblp.org}
}

@article{RaissiPerdikarisKarniadakis:2019,
  title    = {Physics-informed neural networks: A deep learning framework for solving forward and inverse problems involving nonlinear partial differential equations},
  journal  = {Journal of Computational Physics},
  volume   = {378},
  pages    = {686-707},
  year     = {2019},
  issn     = {0021-9991},
  doi      = {https://doi.org/10.1016/j.jcp.2018.10.045},
  url      = {https://www.sciencedirect.com/science/article/pii/S0021999118307125},
  author   = {M. Raissi and P. Perdikaris and G.E. Karniadakis},
}

@article{ArzaniDawson:2021,
  title     = {Data-driven cardiovascular flow modelling: examples and opportunities},
  volume    = {18},
  issn      = {1742-5662},
  url       = {http://dx.doi.org/10.1098/rsif.2020.0802},
  doi       = {10.1098/rsif.2020.0802},
  number    = {175},
  journal   = {Journal of The Royal Society Interface},
  publisher = {The Royal Society},
  author    = {Arzani, Amirhossein and Dawson, Scott T. M.},
  year      = {2021},
  month     = {Feb}
}

@misc{MishraMolinaro:2021,
  title         = {Estimates on the generalization error of Physics Informed Neural Networks (PINNs) for approximating PDEs},
  author        = {Siddhartha Mishra and Roberto Molinaro},
  year          = {2021},
  eprint        = {2006.16144},
  archiveprefix = {arXiv},
  primaryclass  = {math.NA}
}

@misc{Markidis:2021,
  title         = {The Old and the New: Can Physics-Informed Deep-Learning Replace Traditional Linear Solvers?},
  author        = {Stefano Markidis},
  year          = {2021},
  eprint        = {2103.09655},
  archiveprefix = {arXiv},
  primaryclass  = {math.NA}
}

@misc{KingmaBa:2017,
  title         = {Adam: A Method for Stochastic Optimization},
  author        = {Diederik P. Kingma and Jimmy Ba},
  year          = {2017},
  eprint        = {1412.6980},
  archiveprefix = {arXiv},
  primaryclass  = {cs.LG}
}

@article{ByrdLuNocedalZhu:1995,
  author  = {Byrd, Richard H. and Lu, Peihuang and Nocedal, Jorge and Zhu, Ciyou},
  title   = {A Limited Memory Algorithm for Bound Constrained Optimization},
  journal = {SIAM Journal on Scientific Computing},
  volume  = {16},
  number  = {5},
  pages   = {1190-1208},
  year    = {1995},
  doi     = {10.1137/0916069},
  url     = { 
             https://doi.org/10.1137/0916069
             
             },
  eprint  = { 
             https://doi.org/10.1137/0916069
             
             }
}

@misc{BlechschmidtErnst:2021,
  title         = {Three Ways to Solve Partial Differential Equations with Neural Networks -- A Review},
  author        = {Jan Blechschmidt and Oliver G. Ernst},
  year          = {2021},
  eprint        = {2102.11802},
  archiveprefix = {arXiv},
  primaryclass  = {math.NA}
}

@misc{PyTorch,
  title         = {PyTorch: An Imperative Style, High-Performance Deep Learning Library},
  author        = {Adam Paszke and Sam Gross and Francisco Massa and Adam Lerer and James Bradbury and Gregory Chanan and Trevor Killeen and Zeming Lin and Natalia Gimelshein and Luca Antiga and Alban Desmaison and Andreas Köpf and Edward Yang and Zach DeVito and Martin Raison and Alykhan Tejani and Sasank Chilamkurthy and Benoit Steiner and Lu Fang and Junjie Bai and Soumith Chintala},
  year          = {2019},
  eprint        = {1912.01703},
  archiveprefix = {arXiv},
  primaryclass  = {cs.LG}
}

@book{Python,
  author    = {Van Rossum, Guido and Drake, Fred L.},
  title     = {Python 3 Reference Manual},
  year      = {2009},
  isbn      = {1441412697},
  publisher = {CreateSpace},
  address   = {Scotts Valley, CA},
}

@misc{TensorFlow,
  title  = { {TensorFlow}: Large-Scale Machine Learning on Heterogeneous Systems},
  url    = {https://www.tensorflow.org/},
  note   = {Software available from tensorflow.org},
  author = {
            Mart\'{i}n~Abadi and
            Ashish~Agarwal and
            Paul~Barham and
            Eugene~Brevdo and
            Zhifeng~Chen and
            Craig~Citro and
            Greg~S.~Corrado and
            Andy~Davis and
            Jeffrey~Dean and
            Matthieu~Devin and
            Sanjay~Ghemawat and
            Ian~Goodfellow and
            Andrew~Harp and
            Geoffrey~Irving and
            Michael~Isard and
            Yangqing Jia and
            Rafal~Jozefowicz and
            Lukasz~Kaiser and
            Manjunath~Kudlur and
            Josh~Levenberg and
            Dandelion~Man\'{e} and
            Rajat~Monga and
            Sherry~Moore and
            Derek~Murray and
            Chris~Olah and
            Mike~Schuster and
            Jonathon~Shlens and
            Benoit~Steiner and
            Ilya~Sutskever and
            Kunal~Talwar and
            Paul~Tucker and
            Vincent~Vanhoucke and
            Vijay~Vasudevan and
            Fernanda~Vi\'{e}gas and
            Oriol~Vinyals and
            Pete~Warden and
            Martin~Wattenberg and
            Martin~Wicke and
            Yuan~Yu and
            Xiaoqiang~Zheng},
  year   = {2015}
}

@article{PangLuKarniadakis:2019,
  title     = {fPINNs: Fractional Physics-Informed Neural Networks},
  volume    = {41},
  issn      = {1095-7197},
  url       = {http://dx.doi.org/10.1137/18M1229845},
  doi       = {10.1137/18m1229845},
  number    = {4},
  journal   = {SIAM Journal on Scientific Computing},
  publisher = {Society for Industrial & Applied Mathematics (SIAM)},
  author    = {Pang, Guofei and Lu, Lu and Karniadakis, George Em},
  year      = {2019},
  month     = {Jan},
  pages     = {A2603–A2626}
}

@misc{KharazmiZhangKarniadakis:2019,
  title         = {Variational Physics-Informed Neural Networks For Solving Partial Differential Equations},
  author        = {E. Kharazmi and Z. Zhang and G. E. Karniadakis},
  year          = {2019},
  eprint        = {1912.00873},
  archiveprefix = {arXiv},
  primaryclass  = {cs.NE}
}

@book{GoodfellowBengioCourville:2016,
  title     = {Deep Learning},
  author    = {Ian Goodfellow and Yoshua Bengio and Aaron Courville},
  publisher = {MIT Press},
  note      = {\url{http://www.deeplearningbook.org}},
  year      = {2016}
}